@book{goossens94,
  title={{The LATEX companion}},
  author={Goossens, M. and Mittelbach, F. and Samarin, A.},
  year={1994},
  publisher={Addison-Wesley}
}

@book{lamport94,
  title={{La T E X: A Document Preparation System}},
  author={Lamport, L. and others},
  year={1994},
  publisher={Addison-Wesley, Reading, Massachusetts,}
}
